<record><leader>00000cas a22000007a 4500</leader><controlfield tag="001">37660645</controlfield><controlfield tag="008">970922d18941923okuwr n       0    0eng d</controlfield><datafield ind1=" " ind2=" " tag="010"><subfield code="a">sn 97070246 </subfield></datafield><datafield ind1=" " ind2=" " tag="040"><subfield code="a">OBN</subfield><subfield code="b">eng</subfield><subfield code="c">OBN</subfield><subfield code="d">OCLCQ</subfield><subfield code="d">OCLCO</subfield></datafield><datafield ind1="1" ind2=" " tag="029"><subfield code="a">AU@</subfield><subfield code="b">000013504102</subfield></datafield><datafield ind1=" " ind2=" " tag="042"><subfield code="a">msc</subfield></datafield><datafield ind1=" " ind2=" " tag="043"><subfield code="a">n-us-ok</subfield></datafield><datafield ind1="0" ind2=" " tag="130"><subfield code="a">Landmark (Rush Springs, Okla.)</subfield></datafield><datafield ind1="1" ind2="4" tag="245"><subfield code="a">The landmark.</subfield></datafield><datafield ind1="3" ind2=" " tag="246"><subfield code="a">Rush Springs, Okla. landmark</subfield></datafield><datafield ind1="3" ind2=" " tag="246"><subfield code="a">Rush Springs landmark</subfield></datafield><datafield ind1=" " ind2=" " tag="260"><subfield code="a">Rush Springs, Chickasaw Nation, I.T. [Okla.] :</subfield><subfield code="b">J.W. Childress</subfield></datafield><datafield ind1=" " ind2=" " tag="300"><subfield code="a">v.</subfield></datafield><datafield ind1=" " ind2=" " tag="310"><subfield code="a">Weekly</subfield></datafield><datafield ind1="1" ind2=" " tag="362"><subfield code="a">Began in 1894; ceased in 1923.</subfield></datafield><datafield ind1=" " ind2=" " tag="588"><subfield code="a">Description based on: Vol. 2, no. 40 (Dec. 1, 1894).</subfield></datafield><datafield ind1=" " ind2="0" tag="651"><subfield code="a">Grady County (Okla.)</subfield><subfield code="v">Newspapers.</subfield></datafield><datafield ind1=" " ind2="0" tag="651"><subfield code="a">Indian Territory</subfield><subfield code="v">Newspapers.</subfield></datafield><datafield ind1=" " ind2="0" tag="651"><subfield code="a">Chickasaw Nation (Okla.)</subfield><subfield code="v">Newspapers.</subfield></datafield><datafield ind1=" " ind2="4" tag="651"><subfield code="a">Rush Springs (Okla.)</subfield><subfield code="v">Newspapers.</subfield></datafield><datafield ind1=" " ind2=" " tag="752"><subfield code="a">United States</subfield><subfield code="b">Oklahoma</subfield><subfield code="c">Grady</subfield><subfield code="d">Rush Springs.</subfield></datafield><datafield ind1="0" ind2="0" tag="780"><subfield code="t">Rush Springs light</subfield><subfield code="w">(DLC)sn 97070245</subfield><subfield code="w">(OCoLC)37660601</subfield></datafield><datafield ind1="0" ind2="0" tag="785"><subfield code="t">Rush Springs landmark (Rush Springs, Okla.)</subfield><subfield code="w">(DLC)sn 97070247</subfield><subfield code="w">(OCoLC)37660685</subfield></datafield></record>